Date,Gross sales,Discounts,Refunds,Net sales,Non-revenue items,Taxes,Amount collected,discount_rate,weekday
3/1/24,5415.29,-21.57,0,5393.72,0,574.3,5968.02,0.003983166,Friday
3/2/24,4522.27,-9.77,0,4512.5,0,493.75,5006.25,0.002160419,Saturday
3/3/24,2304.91,-4.24,0,2300.67,0,248.76,2549.43,0.001839551,Sunday
3/4/24,2196.73,-29.33,0,2167.4,0,234.14,2401.54,0.013351664,Monday
3/5/24,2451.54,-24.04,0,2427.5,0,267.34,2694.84,0.009806081,Tuesday
3/6/24,2158.76,-15.25,0,2143.51,0,228.58,2372.09,0.007064241,Wednesday
3/7/24,2661.35,-13.58,0,2647.77,0,283.06,2930.83,0.005102673,Thursday
3/8/24,5286.77,-30.16,0,5256.61,0,568.2,5824.81,0.005704807,Friday
3/9/24,4986.45,-18.38,0,4968.07,0,529.89,5497.96,0.003685989,Saturday
3/10/24,1929.9,-5.16,0,1924.74,0,211.55,2136.29,0.002673714,Sunday
3/11/24,2865.37,-24.6,0,2840.77,0,313.2,3153.97,0.008585279,Monday
3/12/24,2444.54,-13.11,0,2431.43,0,262.21,2693.64,0.005362972,Tuesday
3/13/24,2907.39,-35.12,0,2872.27,0,311.45,3183.72,0.012079563,Wednesday
3/14/24,2781.39,-36.65,0,2744.74,0,288.32,3033.06,0.013176865,Thursday
3/15/24,4839.53,-29.8,0,4809.73,0,512.85,5322.58,0.006157623,Friday
3/16/24,4278.63,-15.4,0,4263.23,26.99,480.79,4771.01,0.003599283,Saturday
3/17/24,1600.8,-1.8,0,1599,0,170.69,1769.69,0.001124438,Sunday
3/18/24,2041.29,-19.57,0,2021.72,0,215.42,2237.14,0.009587075,Monday
3/19/24,2730.97,-37,0,2693.97,26.99,293.11,3014.07,0.0135483,Tuesday
3/20/24,2478.77,-29.7,0,2449.07,0,263.91,2712.98,0.011981749,Wednesday
3/21/24,3295.13,-26.62,0,3268.51,0,358.69,3627.2,0.008078589,Thursday
3/22/24,4989.84,-48.41,0,4941.43,0,542.92,5484.35,0.009701714,Friday
3/23/24,4729.3,-24.03,0,4705.27,26.99,522.24,5254.5,0.00508109,Saturday
3/24/24,1848.95,-14.85,0,1834.1,0,194.33,2028.43,0.008031585,Sunday
3/25/24,2213.99,-22.5,0,2191.49,0,241.79,2433.28,0.010162648,Monday
3/26/24,2090.16,-15,0,2075.16,0,221.91,2297.07,0.007176484,Tuesday
3/27/24,2886.78,-33.26,0,2853.52,0,305.29,3158.81,0.011521488,Wednesday
3/28/24,3143.56,-10,0,3133.56,0,340.76,3474.32,0.003181107,Thursday
3/29/24,4804.05,-16.35,0,4787.7,0,519.48,5307.18,0.003403378,Friday
3/30/24,4373.17,-31.35,0,4341.82,0,479.51,4821.33,0.007168713,Saturday
3/31/24,2751.65,-18.74,0,2732.91,0,297.6,3030.51,0.006810459,Sunday
4/1/24,2495.35,-48.41,0,2446.94,0,265.24,2712.18,0.019400084,Monday
4/2/24,1953.12,-13.99,0,1939.13,0,205.67,2144.8,0.007162898,Tuesday
4/3/24,2600.35,-48.68,0,2551.67,0,269.85,2821.52,0.018720557,Wednesday
4/4/24,3399.33,-46.1,0,3353.23,0,366.92,3720.15,0.013561496,Thursday
4/5/24,4999.16,-9.95,0,4989.21,0,532.21,5521.42,0.001990334,Friday
4/6/24,4489.86,-8.62,0,4481.24,0,480.1,4961.34,0.001919882,Saturday
4/7/24,1370.69,-6,0,1364.69,0,145.44,1510.13,0.004377357,Sunday
4/8/24,2766.79,-42.19,0,2724.6,0,291.51,3016.11,0.015248718,Monday
4/9/24,2904.27,-22,0,2882.27,0,308.03,3190.3,0.007575053,Tuesday
4/10/24,2738.6,-53.1,0,2685.5,0,294.68,2980.18,0.019389469,Wednesday
4/11/24,2921.31,-36,0,2885.31,0,312.71,3198.02,0.012323239,Thursday
4/12/24,4668.32,-18,0,4650.32,0,498.12,5148.44,0.003855777,Friday
4/13/24,4664.49,-25.73,0,4638.76,0,495.63,5134.39,0.005516144,Saturday
4/14/24,1708.7,-11,0,1697.7,0,185.3,1883,0.006437643,Sunday
4/15/24,2598.67,-23.4,0,2575.27,0,272.53,2847.8,0.009004606,Monday
4/16/24,2336.84,-25.25,0,2311.59,0,244.19,2555.78,0.01080519,Tuesday
4/17/24,2525.69,-36.4,0,2489.29,0,269.16,2758.45,0.014411903,Wednesday
4/18/24,2754.56,-13.3,0,2741.26,0,296.01,3037.27,0.004828357,Thursday
4/19/24,4766.96,-37.93,0,4729.03,0,504.8,5233.83,0.007956853,Friday
4/20/24,4903.75,-18.9,-13.99,4870.86,0,525.69,5396.55,0.003854193,Saturday
4/21/24,1995.02,-16,0,1979.02,0,215.19,2194.21,0.00801997,Sunday
4/22/24,2635.14,-39.22,0,2595.92,0,283.82,2879.74,0.01488346,Monday
4/23/24,2393.45,-5,0,2388.45,0,252.23,2640.68,0.002089035,Tuesday
4/24/24,2475.74,-30.73,0,2445.01,0,269.52,2714.53,0.01241245,Wednesday
4/25/24,3684.39,-41,0,3643.39,0,388.41,4031.8,0.011128029,Thursday
4/26/24,4894.96,-28.75,0,4866.21,0,525.59,5391.8,0.005873388,Friday
4/27/24,4415.01,-7.85,0,4407.16,0,471.88,4879.04,0.001778025,Saturday
4/28/24,2110.53,-6,0,2104.53,0,225.47,2330,0.002842888,Sunday
4/29/24,2438.4,-46.3,0,2392.1,0,262.75,2654.85,0.018987861,Monday
4/30/24,2190.25,-24.7,0,2165.55,0,233.5,2399.05,0.011277251,Tuesday
5/1/24,2531.35,-39.1,0,2492.25,0,264.81,2757.06,0.015446303,Wednesday
5/2/24,2568.6,-22.6,0,2546,5.99,275.54,2827.53,0.008798567,Thursday
5/3/24,5478,-25.47,0,5452.53,0,584.74,6037.27,0.004649507,Friday
5/4/24,4390.25,-13.7,0,4376.55,0,482.68,4859.23,0.003120551,Saturday
5/5/24,2380.59,-16.95,0,2363.64,0,251.21,2614.85,0.007120084,Sunday
5/6/24,2800.66,-29.14,0,2771.52,0,300.91,3072.43,0.01040469,Monday
5/7/24,2433.25,-18.3,0,2414.95,0,257.53,2672.48,0.007520806,Tuesday
5/8/24,3069.96,-40.92,0,3029.04,0,329.21,3358.25,0.013329164,Wednesday
5/9/24,3612.3,-27.4,0,3584.9,0,388.65,3973.55,0.007585195,Thursday
5/10/24,6232.22,-44.75,0,6187.47,0,665.54,6853.01,0.007180427,Friday
5/11/24,4612.2,-14.8,0,4597.4,0,509.78,5104.28,0.003208881,Saturday
5/12/24,3055.46,-7.97,0,3047.49,0,325.73,3373.22,0.002608445,Sunday
5/13/24,2316.36,-42.5,0,2273.86,0,245.34,2519.2,0.018347753,Monday
5/14/24,2493.46,-22.2,0,2471.26,0,261.85,2733.11,0.008903291,Tuesday
5/15/24,3018.04,-47.6,0,2970.44,26.99,333.68,3331.11,0.015771825,Wednesday
5/16/24,3501.53,-23.9,0,3477.63,0,370.84,3848.47,0.006825588,Thursday
5/17/24,5071.87,-14.7,0,5057.17,26.99,553.83,5637.99,0.002898339,Friday
5/18/24,5479.27,-20.4,0,5458.87,0,590.46,6049.33,0.003723124,Saturday
5/19/24,1997.69,-14.84,0,1982.85,0,210.15,2193,0.00742858,Sunday
5/20/24,2760.91,-35,-36.98,2688.93,0,286.77,2975.7,0.01267698,Monday
5/21/24,2364.19,-16.97,0,2347.22,0,248.51,2595.73,0.007177934,Tuesday
5/22/24,3126.69,-67.8,0,3058.89,0,333.59,3392.48,0.021684273,Wednesday
5/23/24,3896.13,-6,0,3890.13,26.99,423.02,4340.14,0.00153999,Thursday
5/24/24,5639.25,-35.8,0,5603.45,0,614.35,6217.8,0.006348362,Friday
5/25/24,4864,-28.37,0,4835.63,0,520.74,5356.37,0.005832648,Saturday
5/26/24,3218.78,-7.6,0,3211.18,0,345.31,3556.49,0.002361143,Sunday
5/27/24,2061.18,-21.8,0,2039.38,0,217.62,2257,0.010576466,Monday
5/28/24,2526.43,-28.3,0,2498.13,0,269.05,2767.18,0.011201577,Tuesday
5/29/24,2887.04,-54.1,0,2832.94,0,303.22,3136.16,0.018738916,Wednesday
5/30/24,3029.71,-21.7,0,3008.01,0,325,3333.01,0.007162402,Thursday
5/31/24,4688.86,-16.45,0,4672.41,0,503.7,5176.11,0.003508315,Friday
6/1/24,5294.61,-23.95,0,5270.66,0,560.95,5831.61,0.004523468,Saturday
6/2/24,1469.45,-2.62,0,1466.83,0,156.92,1623.75,0.00178298,Sunday
6/3/24,2973.67,-33.6,0,2940.07,0,321.6,3261.67,0.011299169,Monday
6/4/24,2573.08,-9.6,0,2563.48,0,275.87,2839.35,0.003730937,Tuesday
6/5/24,2941.85,-46.78,0,2895.07,0,312.89,3207.96,0.015901559,Wednesday
6/6/24,3168.67,-41.4,0,3127.27,0,338.63,3465.9,0.013065419,Thursday
6/7/24,5571.98,-53.07,0,5518.91,0,600.66,6119.57,0.009524442,Friday
6/8/24,4686.69,-11.39,0,4675.3,0,496.95,5172.25,0.002430287,Saturday
6/9/24,2502.75,-3.3,0,2499.45,0,271.77,2771.22,0.00131855,Sunday
6/10/24,2432.87,-36.79,0,2396.08,6.99,257.23,2660.3,0.015122057,Monday
6/11/24,2713.69,-27.4,0,2686.29,0,290.41,2976.7,0.010096953,Tuesday
6/12/24,3513.34,-77.08,0,3436.26,0,376.87,3813.13,0.021939237,Wednesday
6/13/24,3299.81,-27.68,0,3272.13,0,352.69,3624.82,0.008388362,Thursday
6/14/24,5508.72,-51.42,0,5457.3,0,579.69,6036.99,0.009334292,Friday
6/15/24,3625.58,-36.58,0,3589,0,385.87,3974.87,0.01008942,Saturday
6/16/24,3079.68,-14.74,0,3064.94,0,328.03,3392.97,0.004786212,Sunday
6/17/24,2609.67,-33.52,0,2576.15,0,281.1,2857.25,0.012844536,Monday
6/18/24,2751.98,-41.57,0,2710.41,26.99,302.2,3039.6,0.015105488,Tuesday
6/19/24,2760.36,-38.73,0,2721.63,0,294.21,3015.84,0.014030779,Wednesday
6/20/24,2891.15,-14.53,0,2876.62,0,315.27,3191.89,0.005025682,Thursday
6/21/24,5001.95,-21.68,0,4980.27,0,537.17,5517.44,0.00433431,Friday
6/22/24,4478.81,-41.27,0,4437.54,0,475.84,4913.38,0.009214501,Saturday
6/23/24,2472.87,-3.72,-23.22,2445.93,0,263.42,2709.35,0.001504325,Sunday
6/24/24,2633.14,-46.98,0,2586.16,0,275.69,2861.85,0.017841816,Monday
6/25/24,2230.85,-11.53,0,2219.32,0,246.25,2465.57,0.005168434,Tuesday
6/26/24,3322.03,-32.01,0,3290.02,0,351.19,3641.21,0.009635675,Wednesday
6/27/24,3291.84,-5.6,0,3286.24,0,348.14,3634.38,0.001701176,Thursday
6/28/24,5001.33,-9.08,0,4992.25,26.99,544.08,5563.32,0.001815517,Friday
6/29/24,4404.84,-23.7,0,4381.14,0,469.32,4850.46,0.005380445,Saturday
6/30/24,2256.05,-26.98,-15.99,2213.08,0,233.86,2446.94,0.011958955,Sunday
7/1/24,2800.62,-34.28,0,2766.34,0,304.01,3070.35,0.012240147,Monday
7/2/24,2852.14,-20,0,2832.14,0,302.55,3134.69,0.007012278,Tuesday
7/3/24,6606.35,-66.03,0,6540.32,0,706.82,7247.14,0.009994929,Wednesday
7/4/24,3414.66,-18.27,0,3396.39,26.99,371.37,3794.75,0.005350459,Thursday
7/5/24,4430.15,-30.66,0,4399.49,0,475.75,4875.24,0.006920759,Friday
7/6/24,3857.19,-19,0,3838.19,0,414.84,4253.03,0.004925866,Saturday
7/7/24,1902.06,-17,0,1885.06,0,201.76,2086.82,0.008937678,Sunday
7/8/24,2422.82,-23.28,0,2399.54,0,257.37,2656.91,0.009608638,Monday
7/9/24,2544.9,-7,0,2537.9,0,274.52,2812.42,0.002750599,Tuesday
7/10/24,2825.37,-36.98,0,2788.39,0,304.7,3093.09,0.013088551,Wednesday
7/11/24,3092.86,-23.02,0,3069.84,0,339.84,3409.68,0.007442949,Thursday
7/12/24,5613.95,-33.35,-22.1,5558.5,0,597.76,6156.26,0.005940559,Friday
7/13/24,4918.82,-13.98,0,4904.84,0,529.68,5434.52,0.002842145,Saturday
7/14/24,2253.22,-19,0,2234.22,26.99,242.41,2503.62,0.008432377,Sunday
7/15/24,2887.77,-29.48,0,2858.29,0,303.55,3161.84,0.010208569,Monday
7/16/24,3061.16,-5,0,3056.16,0,326,3382.16,0.001633368,Tuesday
7/17/24,2945.22,-29.5,0,2915.72,0,316.11,3231.83,0.01001623,Wednesday
7/18/24,3151.12,-14,0,3137.12,0,338.75,3475.87,0.004442865,Thursday
7/19/24,5192.14,-23.4,-24.33,5144.41,0,559.08,5703.49,0.004506812,Friday
7/20/24,5802.26,-26.86,0,5775.4,0,627.04,6402.44,0.004629231,Saturday
7/21/24,2404.99,-1,0,2403.99,0,254.77,2658.76,0.000415802,Sunday
7/22/24,2598.67,-28,0,2570.67,0,282.59,2851.3,0.010774742,Monday
7/23/24,2642.02,-22.5,0,2619.52,0,289.34,2908.86,0.008516211,Tuesday
7/24/24,3038.93,-28.1,0,3010.83,0,321.66,3332.49,0.009246676,Wednesday
7/25/24,3100.42,-3,0,3097.42,0,339.28,3472.78,0.000967611,Thursday
7/26/24,5035.21,-22.3,0,5012.91,26.99,543.49,5583.39,0.004428812,Friday
7/27/24,4500.8,-24.2,0,4476.6,0,484.4,4961,0.005376822,Saturday
7/28/24,1840.86,-9.68,0,1831.18,0,195.85,2027.03,0.005258412,Sunday
7/29/24,3134.24,-52.9,0,3081.34,0,336.62,3417.96,0.016878095,Monday
7/30/24,2494.43,-31,0,2463.43,0,261.82,2725.25,0.012427689,Tuesday
7/31/24,2856.84,-45.65,0,2811.19,0,300.64,3111.83,0.015979194,Wednesday
8/1/24,2957.38,-18,0,2939.38,0,316.87,3256.25,0.006086468,Thursday
8/2/24,5688.77,-22.62,0,5666.15,0,625.72,6291.87,0.003976255,Friday
8/3/24,5648.27,-25.33,0,5622.94,0,604.66,6243.55,0.004484559,Saturday
8/4/24,2114.41,-3.73,0,2110.68,0,228.48,2339.16,0.001764085,Sunday
8/5/24,1893.49,-35.26,0,1858.23,0,196.54,2054.77,0.018621699,Monday
8/6/24,2923.66,-37.1,0,2886.56,0,313.55,3200.11,0.012689574,Tuesday
8/7/24,2751.03,-12.1,0,2738.93,0,298.86,3037.79,0.004398353,Wednesday
8/8/24,3338.46,-6,0,3332.46,0,367.46,3699.92,0.001797236,Thursday
8/9/24,4348.3,-22.73,0,4325.57,0,468.73,4794.3,0.00522733,Friday
8/10/24,5145.6,-22,0,5123.6,0,553.31,5676.91,0.004275498,Saturday
8/11/24,1587.02,-9.3,0,1577.72,0,167.38,1745.1,0.00586004,Sunday
8/12/24,2688.18,-25.42,0,2662.76,0,285.58,2948.34,0.009456212,Monday
8/13/24,2881.82,-20.9,0,2860.92,0,315.16,3176.08,0.007252361,Tuesday
8/14/24,2802.59,-23.7,0,2778.89,0,301.55,3080.44,0.008456463,Wednesday
8/15/24,2971.95,-28.96,0,2942.99,0,322.22,3265.21,0.009744444,Thursday
8/16/24,5391.5,-24.67,0,5366.83,0,578.81,5945.64,0.004575721,Friday
8/17/24,4825.53,-35.7,0,4789.83,0,518.4,5308.23,0.007398151,Saturday
8/18/24,2343.81,-3.03,0,2340.78,0,249.47,2590.25,0.001292767,Sunday
8/19/24,2497.66,-42.3,0,2455.36,0,263.8,2719.16,0.016935852,Monday
8/20/24,2619.37,-26.28,0,2593.09,0,284.31,2877.4,0.010032947,Tuesday
8/21/24,2630.63,-25.68,0,2604.95,0,283.21,2888.16,0.00976192,Wednesday
8/22/24,3247.99,-11.48,0,3236.51,0,355.46,3591.97,0.003534494,Thursday
8/23/24,4697.88,-36.96,0,4660.92,0,498.38,5159.3,0.007867378,Friday
8/24/24,4594.51,-32.2,0,4562.31,0,487.65,5049.96,0.007008364,Saturday
8/25/24,1857.62,-10,0,1847.62,0,202.5,2050.12,0.005383232,Sunday
8/26/24,3053.35,-13.18,0,3040.17,0,336.99,3377.16,0.00431657,Monday
8/27/24,2674.92,-15,0,2659.92,0,292,2951.92,0.005607644,Tuesday
8/28/24,2265.41,-34.55,0,2230.86,0,236.42,2467.28,0.015251102,Wednesday
8/29/24,2814.12,-11.3,-26.99,2775.83,0,306.19,3082.02,0.004015465,Thursday
8/30/24,4627.57,-28.6,0,4598.97,0,493.61,5092.58,0.00618035,Friday
8/31/24,4870.95,-39.94,0,4831.01,0,515.92,5346.93,0.008199633,Saturday
9/1/24,2638.56,-5,0,2633.56,0,291.03,2924.59,0.001894973,Sunday
9/2/24,2197.59,-26.9,0,2170.69,0,233.54,2404.23,0.012240682,Monday
9/3/24,2121.17,-22.27,0,2098.9,0,222.14,2321.04,0.010498923,Tuesday
9/4/24,2200.39,-41.53,0,2158.86,0,235.92,2394.78,0.018873927,Wednesday
9/5/24,3295.53,-26.78,0,3268.75,0,355.59,3624.34,0.008126159,Thursday
9/6/24,4688.76,-38.68,0,4650.08,0,499.5,5149.58,0.008249516,Friday
9/7/24,5266.33,-29.26,0,5237.07,0,561.7,5798.77,0.005556051,Saturday
9/8/24,2090.76,-12.6,0,2078.16,0,223.2,2301.36,0.006026517,Sunday
9/9/24,2526.58,-37.08,0,2489.5,0,268.98,2758.48,0.014675965,Monday
9/10/24,1867.56,-19.98,-0.28,1847.3,0,201.93,2047.32,0.010698451,Tuesday
9/11/24,2940.1,-51.58,0,2888.52,0,310.46,3198.98,0.017543621,Wednesday
9/12/24,2795.33,-22.58,0,2772.75,0,304.72,3077.47,0.008077758,Thursday
9/13/24,5566.49,-28,0,5538.49,0,595.01,6133.5,0.0050301,Friday
9/14/24,4821.75,-14.97,0,4806.78,0,512.26,5319.04,0.003104682,Saturday
9/15/24,2338.71,0,0,2338.71,0,249.19,2587.9,0,Sunday
9/16/24,2651.11,-23.3,0,2627.81,0,285.62,2913.43,0.008788771,Monday
9/17/24,2499.65,-13.9,0,2485.75,0,268.47,2754.22,0.005560779,Tuesday
9/18/24,2778.93,-22.5,0,2756.43,0,299.02,3055.45,0.008096642,Wednesday
9/19/24,2785.26,-15.96,0,2769.3,0,296.97,3066.27,0.005730165,Thursday
9/20/24,5082.46,-37,0,5045.46,0,539.1,5584.56,0.007279939,Friday
9/21/24,4523.37,-12.3,0,4511.07,26.99,495.78,5033.84,0.002719212,Saturday
9/22/24,2156.24,-47.48,0,2108.76,0,224.66,2333.42,0.022019812,Sunday
9/23/24,3561.95,-52.4,0,3509.55,0,383.02,3892.57,0.014711043,Monday
9/24/24,2345.48,-24.68,0,2320.8,0,250.26,2571.06,0.010522366,Tuesday
9/25/24,2737.42,-30.96,0,2706.46,0,287.87,2994.33,0.01130992,Wednesday
9/26/24,3266.08,-9.98,0,3256.1,0,353.81,3609.91,0.003055651,Thursday
9/27/24,4671.77,-5,0,4666.77,0,499.91,5166.68,0.001070258,Friday
9/28/24,5074.61,-24,0,5050.61,0,540.27,5590.88,0.004729427,Saturday
9/29/24,2186.92,-8.3,0,2178.62,0,231.12,2409.74,0.003795292,Sunday
9/30/24,2265.21,-57.45,0,2207.76,0,242.16,2449.92,0.025361887,Monday
10/1/24,2593.18,-13.42,0,2579.76,0,277,2856.76,0.005175113,Tuesday
10/2/24,2771,-15.78,0,2755.22,0,295.79,3051.01,0.005694695,Wednesday
10/3/24,2733.29,-1.8,0,2731.49,0,291.66,3023.15,0.000658547,Thursday
10/4/24,4850.03,-22.96,0,4827.07,0,523.03,5350.1,0.004733991,Friday
10/5/24,5043.87,-2,0,5041.87,0,534.99,5571.86,0.000396521,Saturday
10/6/24,1801.53,-11.98,0,1789.55,0,193.37,1982.92,0.006649903,Sunday
10/7/24,2433.21,-38.1,0,2395.11,0,258.7,2653.81,0.015658328,Monday
10/8/24,2333.48,-14.4,0,2319.08,0,247.41,2566.49,0.006171041,Tuesday
10/9/24,2586.33,-50.98,0,2535.35,26.99,275.07,2837.41,0.019711328,Wednesday
10/10/24,2515.19,-19.42,0,2495.77,0,263.77,2759.54,0.007721087,Thursday
10/11/24,5386.76,-23.7,0,5363.06,53.98,596.13,6013.17,0.004399676,Friday
10/12/24,4831.22,-30.98,0,4800.24,0,513.74,5313.98,0.006412459,Saturday
10/13/24,1676.36,-14.96,0,1661.4,0,183.96,1845.36,0.008924097,Sunday
10/14/24,2451.14,-39.18,0,2411.96,0,256.24,2668.2,0.015984399,Monday
10/15/24,2555.23,-25.6,0,2529.63,0,273.29,2802.92,0.010018668,Tuesday
10/16/24,2948.6,-41.8,0,2906.8,0,309.38,3216.18,0.014176219,Wednesday
10/17/24,2874.62,-2.4,0,2872.22,0,310.8,3183.02,0.000834893,Thursday
10/18/24,5192.77,-32.94,0,5159.83,53.98,561.01,5774.82,0.006343435,Friday
10/19/24,4303.82,-36.8,0,4267.02,0,462.6,4760.58,0.008550543,Saturday
10/20/24,1904.84,-10.62,0,1894.22,0,204.41,2098.63,0.005575271,Sunday
10/21/24,2700.19,-41.8,0,2658.39,0,299.62,2958.01,0.015480392,Monday
10/22/24,2267.27,-17.98,0,2249.29,0,241.15,2490.44,0.007930242,Tuesday
10/23/24,2653.29,-30.58,0,2622.71,0,284.01,2906.72,0.011525314,Wednesday
10/24/24,2766.48,-27.68,0,2738.8,0,299.91,3038.71,0.010005494,Thursday
10/25/24,4584.9,-27.76,0,4557.14,0,496.16,5053.3,0.006054658,Friday
10/26/24,5917.91,-29.08,0,5888.83,0,648.73,6537.56,0.004913897,Saturday
10/27/24,1722.3,-7.98,0,1714.32,0,183.19,1897.51,0.004633339,Sunday
10/28/24,2570.38,-50.48,0,2519.9,0,280.56,2800.46,0.01963912,Monday
10/29/24,2177.51,-16.38,0,2161.13,0,230.62,2391.75,0.007522354,Tuesday
10/30/24,2771.71,-37.54,-81.24,2652.93,0,294.18,2947.11,0.013543985,Wednesday
10/31/24,3197.19,-12,-5,3180.19,0,349.8,3529.99,0.003753296,Thursday
11/1/24,5097.32,-31.42,-22.99,5042.91,0,552.35,5595.26,0.006164023,Friday
11/2/24,4181.4,-21,0,4160.4,0,445.84,4606.24,0.005022241,Saturday
11/3/24,2142.1,-20,0,2122.1,0,226.62,2348.72,0.009336632,Sunday
11/4/24,2424.07,-26.42,0,2397.65,0,259.67,2657.32,0.010899025,Monday
11/5/24,2543.25,-17.76,0,2525.49,0,276.99,2802.48,0.006983191,Tuesday
11/6/24,2786.89,-21.5,-72.98,2692.41,0,300.47,2992.88,0.007714693,Wednesday
11/7/24,2781.03,-12.48,0,2768.55,0,298.63,3067.01,0.004487546,Thursday
11/8/24,5116.49,-22.1,-9.99,5084.4,0,560.14,5644.54,0.004319367,Friday
11/9/24,4079.69,-30.98,0,4048.71,0,431.54,4480.25,0.007593714,Saturday
11/10/24,2234.66,-13,0,2221.66,0,238.96,2460.62,0.00581744,Sunday
11/11/24,2486.97,-41.65,0,2445.32,0,264.29,2709.61,0.016747287,Monday
11/12/24,2070.21,-8.28,0,2061.93,0,227.09,2289.02,0.003999594,Tuesday
11/13/24,2744.51,-33.98,0,2710.53,0,291.91,3002.44,0.012381081,Wednesday
11/14/24,2791,-12.98,0,2778.02,0,301.85,3079.87,0.004650663,Thursday
11/15/24,5321.41,-16.88,0,5304.53,0,573.28,5877.81,0.003172092,Friday
11/16/24,3984.41,-18.25,0,3966.16,0,425.66,4391.82,0.004580352,Saturday
11/17/24,2183.01,-15.6,0,2167.41,0,231.22,2398.63,0.007146096,Sunday
11/18/24,2433.96,-46.13,0,2387.83,0,257.18,2645.01,0.018952653,Monday
11/19/24,2054.62,-7.98,0,2046.64,0,218.46,2265.1,0.00388393,Tuesday
11/20/24,2545.45,-44.17,0,2501.28,0,273.23,2774.51,0.017352531,Wednesday
11/21/24,2843.99,-21.24,0,2822.75,0,311.51,3134.26,0.007468381,Thursday
11/22/24,5034.37,-32.5,0,5001.87,0,535.16,5537.03,0.006455624,Friday
11/23/24,4788.56,-38.96,0,4749.6,0,517.75,5267.35,0.008136058,Saturday
11/24/24,2045.13,-11.98,0,2033.15,0,218.16,2251.31,0.005857818,Sunday
11/25/24,2376.18,-31.5,0,2344.68,0,254.72,2599.4,0.013256571,Monday
11/26/24,2840.08,-19.35,0,2820.73,0,303.6,3124.33,0.006813188,Tuesday
11/27/24,7851.24,-93.5,0,7757.74,0,840.14,8597.88,0.011908947,Wednesday
11/28/24,0,0,0,0,0,0,0,,Thursday
11/29/24,3536.56,-27.86,0,3508.7,0,379.42,3888.12,0.007877712,Friday
11/30/24,3835.7,-44.74,0,3790.96,0,415.26,4206.22,0.011664103,Saturday
12/1/24,1433.31,-21.8,0,1411.51,0,149.42,1560.93,0.01520955,Sunday
12/2/24,2394.45,-22.38,-19.98,2352.09,0,253.87,2600.96,0.009346614,Monday
12/3/24,2553.37,-39,0,2514.37,0,269.97,2784.34,0.015273932,Tuesday
12/4/24,2620.97,-31.1,0,2589.87,0,280.07,2869.94,0.011865836,Wednesday
12/5/24,2692.79,-23.55,0,2669.24,0,292.26,2961.5,0.008745576,Thursday
12/6/24,4201.03,-15.78,0,4185.25,0,457.31,4642.56,0.003756222,Friday
12/7/24,3993.9,-28.48,0,3965.42,0,431.36,4396.78,0.007130875,Saturday
12/8/24,2119.36,-13.98,0,2105.38,0,229.94,2335.32,0.006596331,Sunday
12/9/24,2060.21,-35.25,0,2024.96,0,219.81,2244.77,0.017109906,Monday
12/10/24,2203.75,-16.78,0,2186.97,0,234.54,2421.51,0.007614294,Tuesday
12/11/24,2541.89,-39.39,0,2502.5,0,266.28,2768.78,0.015496343,Wednesday
12/12/24,2759.52,-7.98,0,2751.54,0,296.29,3047.83,0.002891807,Thursday
12/13/24,5053.41,-32.1,0,5021.31,0,541.9,5563.21,0.006352146,Friday
12/14/24,3904.38,-17.4,0,3886.98,0,410.29,4297.27,0.004456533,Saturday
12/15/24,1795.6,-18.1,0,1777.5,0,190.81,1968.31,0.010080196,Sunday
12/16/24,2488.11,-37.78,0,2450.33,0,266.58,2716.91,0.015184216,Monday
12/17/24,2277.22,-7,0,2270.22,0,241.94,2512.16,0.003073923,Tuesday
12/18/24,2723.35,-26.68,0,2696.67,0,294.65,2991.32,0.009796758,Wednesday
12/19/24,2894.89,-15.24,0,2879.65,0,309.59,3189.24,0.005264449,Thursday
12/20/24,6031.63,-40.98,0,5990.65,53.98,660.83,6705.46,0.006794183,Friday
12/21/24,4753.4,-30.1,0,4723.3,0,506,5229.3,0.00633231,Saturday
12/22/24,2132.3,-9.98,0,2122.32,0,226.77,2349.09,0.004680392,Sunday
12/23/24,4921.22,-51.38,0,4869.84,0,525.94,5395.78,0.010440501,Monday
12/24/24,7619.18,-29.09,0,7590.09,0,825.18,8415.27,0.003817996,Tuesday
12/25/24,0,0,0,0,0,0,0,,Wednesday
12/26/24,3128.66,-27.6,0,3101.06,0,329.98,3431.04,0.008821668,Thursday
12/27/24,4255.89,-36.01,0,4219.88,0,458.94,4678.82,0.008461215,Friday
12/28/24,4258.43,-31.2,0,4227.23,0,458.29,4685.52,0.007326644,Saturday
12/29/24,2105.85,-19.01,0,2086.84,0,227.16,2314,0.009027234,Sunday
12/30/24,2990.86,-34.67,0,2956.19,0,319.37,3275.56,0.011591984,Monday
12/31/24,9605.2,-33.6,0,9571.6,6.99,1033.67,10612.26,0.003498105,Tuesday
1/1/25,1510.27,-15.38,0,1494.89,0,162.37,1657.26,0.01018361,Wednesday
1/2/25,2615.96,-17.9,0,2598.06,0,280.65,2878.71,0.006842612,Thursday
1/3/25,4091.08,-28.18,0,4062.9,0,447,4509.9,0.006888157,Friday
1/4/25,3218.45,-27,0,3191.45,0,347.17,3538.62,0.008389131,Saturday
1/5/25,1789.73,-5,0,1784.73,0,192.46,1977.19,0.002793717,Sunday
1/6/25,2228.08,-45.68,0,2182.4,0,233.32,2415.72,0.020501957,Monday
1/7/25,1954.32,-16.6,0,1937.72,0,207.4,2145.12,0.008494003,Tuesday
1/8/25,2668.48,-35.93,0,2632.55,0,284.93,2917.48,0.013464594,Wednesday
1/9/25,2230.29,0,0,2230.29,26.99,243.27,2500.55,0,Thursday
1/10/25,3807.16,-39.98,0,3767.18,0,412.3,4179.48,0.010501266,Friday
1/11/25,3706.4,-32.7,0,3673.7,0,391.08,4064.78,0.008822577,Saturday
1/12/25,1849.17,-25.22,0,1823.95,0,193.53,2017.48,0.013638551,Sunday
1/13/25,2232.53,-25.1,0,2207.43,0,246.32,2453.75,0.01124285,Monday
1/14/25,1988.3,-14.56,0,1973.74,0,213.02,2186.76,0.007322839,Tuesday
1/15/25,1922.06,-15.13,0,1906.93,0,208.35,2115.28,0.007871763,Wednesday
1/16/25,2497.64,-14.39,0,2483.25,0,266.74,2749.99,0.005761439,Thursday
1/17/25,4983.99,-23.88,-59.98,4900.13,0,536.47,5436.6,0.004791342,Friday
1/18/25,3091.73,-18.28,0,3073.45,0,332.27,3405.72,0.005912547,Saturday
1/19/25,1688.98,-17.3,0,1671.68,0,190.66,1862.34,0.010242868,Sunday
1/20/25,1966.86,-35.45,0,1931.41,0,208.12,2139.53,0.018023652,Monday
1/21/25,1983.43,-3.8,0,1979.63,0,215.42,2195.05,0.001915873,Tuesday
1/22/25,2371.15,-32.56,0,2338.59,0,253.22,2591.81,0.013731734,Wednesday
1/23/25,2270.9,-26.1,0,2244.8,0,248.87,2493.67,0.011493241,Thursday
1/24/25,4294.95,-25.56,0,4269.39,0,460.55,4729.94,0.005951175,Friday
1/25/25,3789.76,-28,-32.07,3729.69,0,415.53,4145.22,0.007388331,Saturday
1/26/25,1839.59,-33,0,1806.59,0,194.69,2001.28,0.01793878,Sunday
1/27/25,2065.79,-17.2,0,2048.59,0,224.1,2272.69,0.008326113,Monday
1/28/25,2050.84,-3,0,2047.84,0,222.97,2270.81,0.001462815,Tuesday
1/29/25,2501.92,-46.07,0,2455.85,0,270.27,2726.12,0.018413858,Wednesday
1/30/25,2809,-12.98,0,2796.02,0,302.89,3098.91,0.004620862,Thursday
1/31/25,4422.96,-13,0,4409.96,0,480.98,4890.94,0.002939208,Friday
2/1/25,3421.15,-11.98,0,3409.17,0,377.85,3787.02,0.003501746,Saturday
2/2/25,1310.95,0,0,1310.95,0,140.39,1451.34,0,Sunday
2/3/25,1827.6,-42.78,0,1784.82,0,194.14,1978.96,0.023407748,Monday
2/4/25,1697.08,-7,0,1690.08,0,179.29,1869.37,0.004124732,Tuesday
2/5/25,2321.52,-25.16,0,2296.36,0,253.56,2549.92,0.010837727,Wednesday
2/6/25,2413.38,-7,0,2406.38,0,256.67,2663.05,0.002900496,Thursday
2/7/25,4554.53,-3.5,0,4551.03,0,502.08,5053.11,0.000768466,Friday
2/8/25,3540.81,-12.4,0,3528.41,0,384.91,3913.32,0.003502024,Saturday
2/9/25,2636.79,-30.32,0,2606.47,0,278.51,2884.98,0.01149883,Sunday
2/10/25,1974.57,-29.46,0,1945.11,0,216.17,2161.28,0.014919704,Monday
2/11/25,1714.45,-12.41,0,1702.04,0,183,1885.04,0.007238473,Tuesday
2/12/25,1478.73,-20.18,0,1458.55,0,157.32,1615.87,0.013646846,Wednesday
2/13/25,2658.54,-21.75,0,2636.79,0,293.69,2930.48,0.008181182,Thursday
2/14/25,4360.58,-40.7,0,4319.88,0,463.05,4782.93,0.009333621,Friday
2/15/25,3957.65,-31.72,0,3925.93,0,422.49,4348.42,0.008014857,Saturday
2/16/25,1597.89,-30.45,0,1567.44,0,166.4,1733.84,0.019056381,Sunday
2/17/25,2286.36,-43.93,0,2242.43,0,243.59,2486.02,0.019213947,Monday
2/18/25,1946.79,-8.83,0,1937.96,0,208.77,2146.73,0.004535672,Tuesday
2/19/25,2588.83,-34.64,0,2554.19,0,279.82,2834.01,0.013380562,Wednesday
2/20/25,2915.62,-9.03,0,2906.59,0,309.72,3216.31,0.003097111,Thursday
2/21/25,4275.59,-33.28,0,4242.31,0,462.38,4704.69,0.007783721,Friday
2/22/25,4391.71,-31.6,0,4360.11,0,477.05,4837.16,0.007195375,Saturday
2/23/25,1656.53,-11.33,0,1645.2,0,177.33,1822.53,0.006839598,Sunday
2/24/25,2340.73,-33.66,0,2307.07,0,248.38,2555.45,0.014380129,Monday
2/25/25,1871.56,-8.23,0,1863.33,0,197.24,2060.57,0.004397401,Tuesday
2/26/25,2632.18,-23.14,0,2609.04,0,278.44,2878.09,0.008791192,Wednesday
2/27/25,2912.22,-60.68,0,2851.54,0,308.16,3159.7,0.020836338,Thursday
2/28/25,4798.83,-5.73,0,4793.1,0,524.4,5317.5,0.001194041,Friday
3/1/25,4237.71,-63.97,0,4173.74,0,457.74,4631.48,0.015095417,Saturday
3/2/25,1553.94,-2.98,0,1550.96,0,166.07,1717.03,0.001917706,Sunday
3/3/25,1905.54,-27.53,0,1878.01,0,200.21,2078.22,0.014447348,Monday
3/4/25,1957.06,0,0,1957.06,0,210.45,2167.51,0,Tuesday
3/5/25,2096.43,-10.67,0,2085.76,0,229.34,2315.1,0.005089605,Wednesday
3/6/25,2429.42,-7.19,0,2422.23,0,265.99,2688.22,0.002959554,Thursday
3/7/25,4807.9,-3.46,0,4804.44,26.99,518.74,5350.17,0.000719649,Friday
3/8/25,3891.53,-11.28,0,3880.25,0,418.98,4299.23,0.002898603,Saturday
3/9/25,1373.91,-8.42,0,1365.49,0,146.32,1511.81,0.006128495,Sunday
3/10/25,2500.39,-19.64,0,2480.75,0,265.87,2746.62,0.007854775,Monday
3/11/25,1937.35,-8.24,0,1929.11,0,205.7,2134.81,0.004253233,Tuesday
3/12/25,2879.22,-27.67,0,2851.55,0,313.87,3165.42,0.009610242,Wednesday
3/13/25,2630.78,-20.83,0,2609.95,0,290.56,2900.51,0.007917804,Thursday
3/14/25,5332.73,-10.29,0,5322.44,0,579.64,5902.08,0.001929593,Friday
3/15/25,3356.35,-3.94,0,3352.41,0,360.89,3713.3,0.001173894,Saturday
3/16/25,1502.04,-5.12,0,1496.92,0,164.62,1661.54,0.003408698,Sunday
3/17/25,2822.99,-31.23,0,2791.76,0,301.71,3093.47,0.011062738,Monday
3/18/25,2427.43,-6.37,0,2421.06,0,266.53,2687.59,0.002624175,Tuesday
3/19/25,2168.45,-17.76,0,2150.69,0,238.49,2389.18,0.008190182,Wednesday
3/20/25,3066.12,-12.05,0,3054.07,0,329.76,3383.83,0.003930048,Thursday
3/21/25,5014.94,-10.37,0,5004.57,0,536.62,5541.19,0.002067821,Friday
3/22/25,4481.46,-14.1,0,4467.36,0,485.62,4946.41,0.003146296,Saturday
3/23/25,1415.81,-2.61,0,1413.2,0,154.71,1567.91,0.001843468,Sunday
3/24/25,2340,-25.69,0,2314.31,0,247.8,2562.11,0.010978632,Monday
3/25/25,2038.49,-5.73,0,2032.76,0,217.15,2249.91,0.002810904,Tuesday
3/26/25,2553.18,-36.19,0,2516.99,0,270.02,2787.01,0.01417448,Wednesday
3/27/25,3455.15,-27.3,0,3427.85,0,375.05,3802.9,0.007901249,Thursday
3/28/25,4845.25,-12.54,0,4832.71,0,525.2,5357.91,0.002588102,Friday
3/29/25,4109.95,-29.26,0,4080.69,0,440.45,4521.14,0.007119308,Saturday
3/30/25,1518.45,0,0,1518.45,0,166.66,1685.11,0,Sunday
3/31/25,2193.14,-23.9,0,2169.24,0,240,2409.24,0.010897617,Monday
4/1/25,1984.07,-17.84,0,1966.23,0,211.81,2178.04,0.008991618,Tuesday
4/2/25,2220.6,-23.32,0,2197.28,0,246.64,2443.92,0.010501666,Wednesday
4/3/25,2441.84,-11.45,0,2430.39,0,269.05,2699.44,0.004689087,Thursday
4/4/25,4392.29,-29.13,0,4363.16,0,471.77,4834.93,0.006632076,Friday
4/5/25,4069.01,-4.34,0,4064.67,0,433.66,4498.33,0.001066599,Saturday
4/6/25,1748.96,-6.49,0,1742.47,0,188.61,1931.08,0.003710777,Sunday
4/7/25,2367.48,-42.1,0,2325.38,0,255.01,2580.39,0.017782621,Monday
4/8/25,2419.14,-10.06,0,2409.08,0,265.02,2674.1,0.004158503,Tuesday
4/9/25,2762.33,-17.4,0,2744.93,0,297.75,3042.68,0.00629903,Wednesday
4/10/25,2765.59,-15.98,0,2749.61,0,299.12,3048.73,0.005778152,Thursday
4/11/25,4642.66,-7.98,0,4634.68,0,499.93,5134.61,0.001718842,Friday
4/12/25,4521.06,-12.08,0,4508.98,0,484.23,4993.21,0.00267194,Saturday
4/13/25,1647.29,-0.8,0,1646.49,0,182.37,1828.86,0.000485646,Sunday
4/14/25,2016.73,-27.52,0,1989.21,0,213.24,2202.45,0.013645852,Monday
4/15/25,2246.11,-17.26,0,2228.85,0,242.28,2471.13,0.007684397,Tuesday
4/16/25,2542.41,-30.09,0,2512.32,0,272.28,2784.6,0.011835227,Wednesday
4/17/25,3172.48,-2.03,0,3170.45,0,342.71,3513.16,0.000639878,Thursday
4/18/25,5124.32,-35.1,-4.98,5084.24,26.99,549.9,5661.13,0.006849689,Friday
4/19/25,4834.24,-33.64,0,4800.6,0,518.29,5318.89,0.006958695,Saturday
4/20/25,2321.98,-14.78,0,2307.2,26.99,251.04,2585.23,0.006365257,Sunday
4/21/25,2005.95,-27.38,0,1978.57,0,211.88,2190.45,0.013649393,Monday
4/22/25,2704.71,-2.8,0,2701.91,0,292.9,2994.81,0.001035231,Tuesday
4/23/25,2471.28,-30.95,0,2440.33,0,267.46,2707.79,0.012523874,Wednesday
4/24/25,2910,-20.04,0,2889.96,0,321.65,3211.61,0.006886598,Thursday
4/25/25,4817.7,-38.79,0,4778.91,0,521.61,5300.52,0.00805156,Friday
4/26/25,5298.43,-26.13,0,5272.3,0,564.39,5836.69,0.00493165,Saturday
4/27/25,1691.23,-3.26,0,1687.97,0,182.65,1870.62,0.001927591,Sunday
4/28/25,2198.05,-18.54,0,2179.51,0,236.85,2416.36,0.008434749,Monday
4/29/25,2064.79,-5.2,0,2059.59,0,218.61,2278.2,0.002518416,Tuesday
4/30/25,2677.92,-40.56,0,2637.36,0,287.17,2924.53,0.015146084,Wednesday
5/1/25,2924,-22.87,0,2901.13,0,320.64,3221.77,0.007821477,Thursday
5/2/25,4037.89,-23.21,0,4014.68,0,431.37,4446.05,0.005748052,Friday
5/3/25,5184.23,-12.24,0,5171.99,0,559.3,5731.29,0.002361006,Saturday
5/4/25,2026.8,-39.25,0,1987.55,0,213.91,2201.46,0.019365502,Sunday
5/5/25,2826.44,-45.95,0,2780.49,0,300.47,3080.96,0.0162572,Monday
5/6/25,2557.09,-11.54,0,2545.55,0,280.48,2826.03,0.004512942,Tuesday
5/7/25,2652.49,-19.34,0,2633.15,0,285.19,2918.34,0.007291262,Wednesday
5/8/25,3129.25,-17.28,0,3111.97,0,332.98,3444.95,0.00552209,Thursday
5/9/25,4930.18,-13.75,0,4916.43,0,531.07,5447.5,0.002788945,Friday
5/10/25,4896.21,-12.9,0,4883.31,26.99,534.84,5445.14,0.002634691,Saturday
5/11/25,2457.56,-1.8,0,2455.76,0,265.84,2721.6,0.000732434,Sunday
5/12/25,2570.35,-43.33,0,2527.02,0,267.62,2794.64,0.016857626,Monday
5/13/25,2586.27,-26.44,0,2559.83,0,278.54,2838.37,0.010223217,Tuesday
5/14/25,2990.16,-27.39,0,2962.77,0,313.38,3276.15,0.009160045,Wednesday
5/15/25,2665.85,-16.92,0,2648.93,0,284.87,2933.8,0.006346944,Thursday
5/16/25,4456.27,-26.58,0,4429.69,0,473.4,4903.09,0.00596463,Friday
5/17/25,4573.16,-10.43,0,4562.73,0,494.63,5057.36,0.002280699,Saturday
5/18/25,2048.39,-4.51,0,2043.88,0,218.62,2262.5,0.002201729,Sunday
5/19/25,2133.46,-20.97,0,2112.49,0,229.32,2341.81,0.009829104,Monday
5/20/25,2366.3,-38.11,0,2328.19,0,267.31,2595.5,0.016105312,Tuesday
5/21/25,2545.36,-37.85,0,2507.51,0,281.26,2788.77,0.014870195,Wednesday
5/22/25,3305.28,-22.71,0,3282.57,0,353.37,3635.94,0.006870825,Thursday
5/23/25,6160.46,-32.28,0,6128.18,0,658.75,6786.93,0.005239868,Friday
5/24/25,4155.29,-24.98,0,4130.31,0,445.96,4576.27,0.006011614,Saturday
5/25/25,3213.05,-1.8,0,3211.25,0,348.84,3560.09,0.000560215,Sunday
5/26/25,2477.99,-14.3,0,2463.69,0,262.9,2726.59,0.005770806,Monday
5/27/25,2060.89,-29.3,0,2031.59,0,219.94,2251.53,0.014217159,Tuesday
5/28/25,2353.57,-26.62,0,2326.95,0,249.21,2576.16,0.011310477,Wednesday
5/29/25,3725.14,-12.1,0,3713.04,0,400.17,4113.21,0.0032482,Thursday
5/30/25,5481.83,-27.2,0,5454.63,0,590.39,6045.02,0.004961847,Friday
5/31/25,5912.91,-17.11,0,5895.8,0,619.9,6515.7,0.002893668,Saturday
6/1/25,1918.64,-9.01,0,1909.63,26.99,207.58,2144.2,0.004696035,Sunday
6/2/25,2503.02,-32.29,0,2470.73,0,261.99,2732.72,0.012900416,Monday
6/3/25,2335.59,-18.7,0,2316.89,0,244.1,2560.99,0.008006542,Tuesday
6/4/25,3323.05,-48.73,0,3274.32,0,352.56,3626.88,0.014664239,Wednesday
6/5/25,3680.49,-22.48,0,3658.01,0,390.28,4048.29,0.006107882,Thursday
6/6/25,4697.94,-23.27,0,4674.67,0,507.48,5182.15,0.004953235,Friday
6/7/25,5497.43,-23.54,0,5473.89,0,583.62,6057.51,0.004282001,Saturday
6/8/25,2096.9,-4.46,0,2092.44,0,223.75,2316.19,0.002126949,Sunday
6/9/25,1873.84,-21.65,0,1852.19,0,196.23,2048.42,0.011553815,Monday
6/10/25,2431.19,-14.66,0,2416.53,0,255.01,2671.54,0.006029969,Tuesday
6/11/25,2751.81,-44.53,0,2707.28,0,300.09,3007.37,0.016182077,Wednesday
6/12/25,3292.13,-20.18,0,3271.95,0,348.8,3620.75,0.00612977,Thursday
6/13/25,5017.73,-21.75,0,4995.98,0,542.65,5538.63,0.004334629,Friday
6/14/25,4825.23,-22.1,0,4803.13,0,500.59,5303.72,0.004580093,Saturday
6/15/25,2028.26,-6,0,2022.26,0,215.39,2237.65,0.002958201,Sunday
6/16/25,2731.81,-41.86,0,2689.95,0,288.78,2978.73,0.015323174,Monday
6/17/25,2792.44,-24.86,0,2767.58,0,308.43,3076.01,0.008902608,Tuesday
6/18/25,2955.28,-27.66,-1.69,2925.93,0,317.53,3243.46,0.009359519,Wednesday
6/19/25,3711.23,-14.78,0,3696.45,392.42,0,4088.87,0.003982507,Thursday
6/20/25,4943.53,-18.54,0,4924.99,529.8,0,5454.79,0.003750357,Friday
6/21/25,4806.31,-14.67,0,4791.64,528.47,0,5320.11,0.003052238,Saturday
6/22/25,2242.72,-5.19,0,2237.53,236.98,0,2474.51,0.002314154,Sunday
6/23/25,2298.34,-23.8,0,2274.54,243.3,0,2517.84,0.0103553,Monday
6/24/25,2813.97,-19.46,0,2794.51,295.95,0,3090.46,0.006915497,Tuesday
6/25/25,2236.48,-13.74,0,2222.74,235.49,20.06,2478.29,0.006143583,Wednesday
6/26/25,3612.22,-8.51,0,3603.71,396.6,28.54,4028.85,0.002355892,Thursday
6/27/25,5264.78,-24.97,0,5239.81,557.63,21.99,5819.43,0.004742838,Friday
6/28/25,4534.79,-13.22,0,4521.57,490.29,0,5011.86,0.00291524,Saturday
6/29/25,2278.25,-3.54,0,2274.71,246.03,0,2520.74,0.001553824,Sunday
6/30/25,2853.92,-22.59,0,2831.33,307.78,0,3139.11,0.007915429,Monday
7/1/25,2842.8,-14.13,0,2828.67,0,308.08,3136.75,0.004970452,Tuesday
7/2/25,3983.31,-11.42,0,3971.89,0,425.11,4397,0.002866962,Wednesday
7/3/25,6590.61,-26.16,0,6564.45,0,714.75,7279.2,0.003969284,Thursday
7/4/25,5963.7,-24.58,0,5939.12,0,636.8,6575.92,0.004121602,Friday
7/5/25,3636.48,-7,0,3629.48,0,397.16,4026.64,0.001924938,Saturday
7/6/25,1957.68,-11.8,0,1945.88,0,208.54,2154.42,0.006027543,Sunday
7/7/25,2425.29,-35.91,0,2389.38,0,258.47,2647.85,0.014806477,Monday
7/8/25,2213.32,-40.47,0,2172.85,0,237.84,2410.69,0.018284749,Tuesday
7/9/25,3133.24,-24.57,0,3108.67,0,340.75,3449.42,0.007841723,Wednesday
7/10/25,3215.03,-56.16,0,3158.87,0,342.48,3501.35,0.017467955,Thursday
7/11/25,5160.14,-32.67,0,5127.47,26.99,549.25,5703.71,0.006331224,Friday
7/12/25,3763.05,-12.55,0,3750.5,0,405.89,4156.39,0.003335061,Saturday
7/13/25,1768.92,-19.23,0,1749.69,26.99,186.95,1963.63,0.01087104,Sunday
7/14/25,2213.99,-16.25,0,2197.74,0,236.46,2434.2,0.00733969,Monday
7/15/25,3079.2,-40.05,0,3039.15,0,336.18,3375.33,0.013006625,Tuesday
7/16/25,3067.7,-45.95,0,3021.75,0,325.23,3346.98,0.014978648,Wednesday
7/17/25,3712.34,-23.37,0,3688.97,0,398.38,4087.35,0.006295221,Thursday
7/18/25,5526.92,-35.65,0,5491.27,0,594.95,6086.22,0.006450247,Friday
7/19/25,5385.54,-7.91,0,5377.63,0,592.69,5970.32,0.001468748,Saturday
7/20/25,1887.21,0,0,1887.21,0,205.09,2092.3,0,Sunday
7/21/25,2509.61,-19.11,0,2490.5,0,277.69,2768.19,0.007614729,Monday
7/22/25,2018.68,-7.53,0,2011.15,0,219.95,2231.1,0.00373016,Tuesday
7/23/25,2790.76,-29.52,0,2761.24,0,298.81,3060.05,0.010577764,Wednesday
7/24/25,3382.99,-16.13,0,3366.86,0,362.87,3729.73,0.004767972,Thursday
7/25/25,5373.94,-34.57,0,5339.37,0,574.99,5914.36,0.006432897,Friday
7/26/25,5459.74,-16.32,0,5443.42,0,588.55,6031.97,0.002989153,Saturday
7/27/25,1640.87,-1,0,1639.87,0,176.08,1815.95,0.000609433,Sunday
7/28/25,2624.24,-24.28,0,2599.96,0,279.3,2879.26,0.009252203,Monday
7/29/25,2490.01,-11.96,0,2478.05,0,264.82,2742.87,0.004803194,Tuesday
7/30/25,3010.44,-23.45,0,2986.99,6.29,333.44,3326.72,0.007789559,Wednesday
7/31/25,3037.9,-20.32,0,3017.58,0,329.86,3347.44,0.006688831,Thursday
8/1/25,5424.1,-28.85,0,5395.25,0,574.94,5970.19,0.005318855,Friday
8/2/25,5577.69,-26.18,0,5551.51,0,597.88,6149.39,0.004693699,Saturday
8/3/25,1676.66,-10.94,0,1665.72,0,187.49,1853.21,0.006524877,Sunday
8/4/25,2123.02,-29.56,0,2093.46,0,228.03,2321.49,0.013923562,Monday
8/5/25,2648.52,-43.86,0,2604.66,0,285.99,2890.65,0.016560192,Tuesday
8/6/25,2538.98,-27.18,0,2511.8,0,273.59,2785.39,0.010705086,Wednesday
8/7/25,3854.94,-20.9,0,3834.04,0,407.19,4241.23,0.005421615,Thursday
8/8/25,5816.23,-50.58,-60.98,5704.67,0,617.16,6321.83,0.008696355,Friday
8/9/25,3591.77,-23.2,0,3568.57,0,393.52,3962.09,0.006459211,Saturday
8/10/25,2014.73,-8.1,0,2006.63,0,225.45,2232.08,0.00402039,Sunday
8/11/25,2491.35,-29.85,0,2461.5,0,268.88,2730.38,0.011981456,Monday
8/12/25,2501.65,-36.26,0,2465.39,0,270.34,2735.73,0.014494434,Tuesday
8/13/25,3160.62,-30.5,0,3130.12,0,336.43,3466.55,0.009650005,Wednesday
8/14/25,3057.86,-5.18,0,3052.68,0,330.29,3382.97,0.001693995,Thursday
8/15/25,5280.4,-18.96,0,5261.44,0,574.35,5835.79,0.003590637,Friday
8/16/25,4577.49,-15.92,0,4561.57,0,492.87,5054.44,0.003477889,Saturday
8/17/25,2117.5,-4.86,0,2112.64,0,224.43,2337.07,0.002295159,Sunday
8/18/25,2330.07,-47.86,0,2282.21,26.99,247.7,2556.9,0.020540155,Monday
8/19/25,2698.15,-19.6,0,2678.55,26.99,290.39,2995.93,0.007264237,Tuesday
8/20/25,3120.82,-24.05,0,3096.77,26.99,340.96,3464.72,0.007706308,Wednesday
8/21/25,3437.84,-18.49,0,3419.35,0,373.73,3793.08,0.005378377,Thursday
8/22/25,5014.07,-19.35,0,4994.72,0,540.01,5534.73,0.00385914,Friday
8/23/25,4442.25,-29.21,0,4413.04,0,480.3,4893.34,0.006575497,Saturday
8/24/25,2138.82,-10.26,0,2128.56,0,224.85,2353.41,0.004797038,Sunday
8/25/25,2750.57,-36.61,0,2713.96,0,288.38,3002.34,0.013309968,Monday
8/26/25,2069.42,-15.41,0,2054.01,0,222.17,2276.18,0.007446531,Tuesday
8/27/25,3052.91,-37.14,0,3015.77,0,326.49,3342.26,0.012165442,Wednesday
8/28/25,3428.51,-11.06,0,3417.45,0,371.39,3788.84,0.003225891,Thursday
8/29/25,5502.75,-40.35,0,5462.4,0,584.59,6046.99,0.007332697,Friday
8/30/25,4729.21,-21.98,0,4707.23,0,509.96,5217.19,0.004647711,Saturday
8/31/25,2704.49,-6.54,0,2697.95,0,296.02,2993.97,0.002418201,Sunday
9/1/25,2159.95,-23.56,0,2136.39,0,229.21,2365.6,0.01090766,Monday
9/2/25,2197.78,-9.96,0,2187.82,0,235.49,2423.31,0.004531846,Tuesday
9/3/25,2414.2,-47.82,0,2366.38,0,259.32,2625.7,0.019807804,Wednesday
9/4/25,2940.05,-28.6,0,2911.45,0,313.19,3224.64,0.009727726,Thursday
9/5/25,4496.21,-17.83,0,4478.38,0,488,4966.38,0.003965562,Friday
9/6/25,4264.45,-26.56,0,4237.89,0,456.18,4694.07,0.006228236,Saturday
9/7/25,2056.41,-12.6,0,2043.81,0,221.38,2265.19,0.006127183,Sunday
9/8/25,2980.41,-48.35,0,2932.06,0,321.01,3253.07,0.0162226,Monday
9/9/25,1979.03,-15.18,0,1963.85,0,212.25,2176.1,0.007670424,Tuesday
9/10/25,2547.44,-36.26,0,2511.18,0,273.55,2784.73,0.014233898,Wednesday
9/11/25,3639.2,-8.48,0,3630.72,0,387.53,4018.25,0.002330182,Thursday
9/12/25,4813.55,-27.06,0,4786.49,0,520.29,5306.78,0.005621631,Friday
9/13/25,4243.55,-28.17,0,4215.38,0,448.2,4663.58,0.00663831,Saturday
9/14/25,2156.02,-13.5,0,2142.52,0,229.41,2371.93,0.006261537,Sunday
9/15/25,2447.92,-31.5,0,2416.42,0,266.3,2682.72,0.012868068,Monday
9/16/25,2861.27,-20.6,0,2840.67,0,311.05,3151.72,0.0071996,Tuesday
9/17/25,2720.51,-37.22,0,2683.29,0,290.05,2973.34,0.013681258,Wednesday
9/18/25,3357.1,-22.06,-46.98,3288.06,26.99,354.58,3669.63,0.006571148,Thursday
9/19/25,5217.4,-30.34,0,5187.06,0,560.01,5747.07,0.005815157,Friday
9/20/25,4182.54,-12.86,0,4169.68,26.99,454.92,4651.59,0.003074687,Saturday
9/21/25,2053.83,-11.38,0,2042.45,26.99,224.45,2293.89,0.005540868,Sunday
9/22/25,2612.74,-31.1,0,2581.64,0,282.25,2863.89,0.011903213,Monday
9/23/25,2393.05,-40.82,0,2352.23,0,252.6,2604.83,0.01705773,Tuesday
9/24/25,2748.17,-55.57,0,2692.6,0,288.6,2981.2,0.020220729,Wednesday
9/25/25,2937.27,-32.55,0,2904.72,0,313.29,3218.01,0.011081719,Thursday
9/26/25,5591.06,-34.98,0,5556.08,0,599.94,6156.02,0.006256416,Friday
9/27/25,4493.73,-22.8,0,4470.93,0,474.54,4945.47,0.005073736,Saturday
9/28/25,1876.47,-7.97,0,1868.5,0,205.71,2074.21,0.004247337,Sunday
9/29/25,2330.45,-31.28,0,2299.17,0,250.17,2549.34,0.0134223,Monday
9/30/25,2411.27,-28.16,0,2383.11,0,261.45,2644.56,0.011678493,Tuesday
10/1/25,2577.92,-46.6,0,2531.32,0,271.71,2803.03,0.018076589,Wednesday
10/2/25,3482.99,-24.76,0,3458.23,0,381.63,3839.86,0.007108835,Thursday
10/3/25,4600.25,-20.33,0,4579.92,0,491.67,5071.59,0.004419325,Friday
10/4/25,4828.48,-35,0,4793.48,0,514.81,5308.29,0.007248658,Saturday
10/5/25,1703.52,-15.58,0,1687.94,0,180.37,1868.31,0.009145769,Sunday
10/6/25,1986.11,-34.3,0,1951.81,0,207.76,2159.57,0.01726994,Monday
10/7/25,2193.5,-26.58,0,2166.92,0,236.26,2403.18,0.01211762,Tuesday
10/8/25,2513.66,-35.55,0,2478.11,0,271.85,2749.96,0.014142724,Wednesday
10/9/25,2974.4,-2.02,0,2972.38,0,327.05,3299.43,0.000679129,Thursday
10/10/25,4957.92,-30.56,0,4927.36,0,529.04,5456.4,0.006163875,Friday
10/11/25,4125.88,-16,0,4109.88,0,439.62,4549.5,0.003877961,Saturday
10/12/25,1525.92,-17.88,0,1508.04,0,162.7,1670.74,0.011717521,Sunday
10/13/25,2184.22,-29.78,0,2154.44,0,228.01,2382.45,0.013634158,Monday
10/14/25,2442.31,-16.15,0,2426.16,0,260.95,2687.11,0.006612592,Tuesday
10/15/25,2736.97,-31.65,0,2705.32,0,287.02,2992.34,0.011563883,Wednesday
10/16/25,3411.62,-33.16,0,3378.46,26.99,368.09,3773.54,0.009719723,Thursday
10/17/25,5007.68,-21.23,0,4986.45,26.99,540.72,5554.16,0.004239488,Friday
10/18/25,3827.48,-21.4,-19.12,3786.96,0,402.88,4189.84,0.005591146,Saturday
10/19/25,2318.26,-16.98,0,2301.28,0,254.08,2555.36,0.007324459,Sunday
10/20/25,2195.41,-24.99,0,2170.42,0,231.76,2402.18,0.01138284,Monday
10/21/25,1879.45,-8.87,0,1870.58,0,200.19,2070.77,0.004719466,Tuesday
10/22/25,2515.02,-41.35,0,2473.67,0,264.81,2738.48,0.016441221,Wednesday
10/23/25,3059.89,-19.73,0,3040.16,0,330.33,3370.49,0.006447944,Thursday
10/24/25,5212.26,-25.64,0,5186.62,0,559.53,5746.15,0.004919171,Friday
10/25/25,3784.5,-15.22,0,3769.28,0,409.62,4178.9,0.004021667,Saturday
10/26/25,1787.42,-22.07,0,1765.35,0,190.61,1955.96,0.012347406,Sunday
10/27/25,2204.57,-19.01,0,2185.56,0,240.72,2426.28,0.008622997,Monday
10/28/25,2008.62,-30.87,0,1977.75,0,214.11,2191.86,0.015368761,Tuesday
10/29/25,2847.73,-49.6,0,2798.13,0,304.85,3102.98,0.017417382,Wednesday
10/30/25,3145.63,-19.33,0,3126.3,0,332.1,3458.4,0.006145033,Thursday
10/31/25,5928.82,-43.49,0,5885.33,0,631.59,6516.92,0.007335355,Friday